<record><leader>00000cas a22000007a 4500</leader><controlfield tag="001">12680813</controlfield><controlfield tag="008">851016d18931895utuwr ne      0    0eng d</controlfield><datafield ind1=" " ind2=" " tag="010"><subfield code="a">sn 85058276 </subfield></datafield><datafield ind1=" " ind2=" " tag="040"><subfield code="a">UNP</subfield><subfield code="b">eng</subfield><subfield code="c">UNP</subfield><subfield code="d">UBY</subfield><subfield code="d">OCLCQ</subfield><subfield code="d">OCLCF</subfield><subfield code="d">OCLCO</subfield></datafield><datafield ind1=" " ind2=" " tag="042"><subfield code="a">msc</subfield></datafield><datafield ind1=" " ind2=" " tag="043"><subfield code="a">n-us-ut</subfield></datafield><datafield ind1="0" ind2="0" tag="245"><subfield code="a">Millard County blade.</subfield></datafield><datafield ind1=" " ind2=" " tag="260"><subfield code="a">Deseret, Utah :</subfield><subfield code="b">[E.G. Rognon &amp; E.H. Scott]</subfield></datafield><datafield ind1=" " ind2=" " tag="300"><subfield code="a">v. :</subfield><subfield code="b">ill. (chiefly ads.) ;</subfield><subfield code="c">56 cm.</subfield></datafield><datafield ind1=" " ind2=" " tag="310"><subfield code="a">Weekly</subfield></datafield><datafield ind1="1" ind2=" " tag="362"><subfield code="a">Began in June 1893; ceased with May 22, 1895 issue.</subfield><subfield code="z">Cf. Alter, J.C. Early Utah journalism.</subfield></datafield><datafield ind1=" " ind2=" " tag="500"><subfield code="a">Publishers' names recorded in: Alter, J.C. Early Utah journalism.</subfield></datafield><datafield ind1=" " ind2=" " tag="500"><subfield code="a">Also published in Oasis, Utah. Cf. Ayers, 1894.</subfield></datafield><datafield ind1=" " ind2=" " tag="580"><subfield code="a">Continued by: Nephi blade (non-extant?).</subfield></datafield><datafield ind1=" " ind2=" " tag="588"><subfield code="a">Description based on: Vol. 2, no. 47 (May 1, 1895).</subfield></datafield><datafield ind1=" " ind2="0" tag="651"><subfield code="a">Millard County (Utah)</subfield><subfield code="v">Newspapers.</subfield></datafield><datafield ind1=" " ind2="7" tag="655"><subfield code="a">Newspapers.</subfield><subfield code="2">fast</subfield><subfield code="0">(OCoLC)fst01423814</subfield></datafield><datafield ind1=" " ind2="7" tag="651"><subfield code="a">Utah</subfield><subfield code="z">Millard County.</subfield><subfield code="2">fast</subfield><subfield code="0">(OCoLC)fst01207556</subfield></datafield><datafield ind1=" " ind2=" " tag="752"><subfield code="a">United States</subfield><subfield code="b">Utah</subfield><subfield code="c">Millard</subfield><subfield code="d">Deseret.</subfield></datafield><datafield ind1=" " ind2=" " tag="752"><subfield code="a">United States</subfield><subfield code="b">Utah</subfield><subfield code="c">Millard</subfield><subfield code="d">Oasis.</subfield></datafield><datafield ind1="1" ind2="0" tag="785"><subfield code="t">Nephi blade</subfield></datafield></record>